@article{lin2017focal,
   title={Focal Loss for Dense Object Detection},
   author={Lin, Tsung-Yi and Goyal, Priya and Girshick, Ross and He, Kaiming and Dollar, Piotr},
   journal={IEEE Transactions on Pattern Analysis and Machine Intelligence},
   year={2017},
   publisher={IEEE}
}

@inproceedings{geiger2013vision,
   title={Vision meets robotics: The KITTI dataset},
   author={Geiger, Andreas and Lenz, Philip and Urtasun, Raquel},
   booktitle={Proceedings of the IEEE Conference on Computer Vision and Pattern Recognition (CVPR)},
   year={2013}
}